<?xml version="1.0" encoding="UTF-8"?><collection xmlns="http://www.loc.gov/MARC21/slim"><record><leader>00643nam--2200169-i-4500</leader><controlfield tag="001">000014241</controlfield><controlfield tag="002">20161230</controlfield><controlfield tag="005">20161230201030</controlfield><controlfield tag="008">060222s1000------------r-----000-0-eng-d</controlfield><datafield ind1=" " ind2=" " tag="040"><subfield code="a">IFIN-HH</subfield></datafield><datafield ind1=" " ind2=" " tag="080"><subfield code="a">539.142.3(061.3)</subfield></datafield><datafield ind1="1" ind2=" " tag="100"><subfield code="a">Ogawa, K</subfield></datafield><datafield ind1="1" ind2="0" tag="245"><subfield code="a">Dynamics of nuclear collective motion</subfield><subfield code="b">Proceedings of the 1982 ins international symposium on dynamics of nuclear collective motion - hifh spin statwes and transitional nuclei - at the foot of mt. fuji, july 6-10, 1982</subfield><subfield code="c">K. ogawa, k. tanabe (eds.)</subfield></datafield><datafield ind1=" " ind2=" " tag="260"><subfield code="a">Tokyo</subfield><subfield code="b">Institute For Nuclear Study</subfield><subfield code="c">1982</subfield></datafield><datafield ind1=" " ind2=" " tag="300"><subfield code="a">IX+538P</subfield></datafield><datafield ind1=" " ind2=" " tag="852"><subfield code="a">70254</subfield><subfield code="c">539.14</subfield></datafield><datafield ind1=" " ind2=" " tag="CAT"><subfield code="a">Sys</subfield><subfield code="c">20120404</subfield><subfield code="h">125041</subfield></datafield></record></collection>